<?xml version="1.0" encoding="UTF-8"?><collection xmlns="http://www.loc.gov/MARC21/slim"><record><leader>00516nam--2200181-i-4500</leader><controlfield tag="001">000036634</controlfield><controlfield tag="002">20161230</controlfield><controlfield tag="005">20161230201041</controlfield><controlfield tag="008">060222s1000------------r-----000-0-rum-d</controlfield><datafield ind1=" " ind2=" " tag="040"><subfield code="a">IFIN-HH</subfield></datafield><datafield ind1=" " ind2=" " tag="041"><subfield code="a">rum</subfield></datafield><datafield ind1=" " ind2=" " tag="080"><subfield code="a">539.9.082(043)</subfield></datafield><datafield ind1="1" ind2=" " tag="100"><subfield code="a">Popa, Dragos</subfield></datafield><datafield ind1="1" ind2="0" tag="245"><subfield code="a">Contributii la dezvoltarea unor probleme optice noi de diagnosticare a plasmei</subfield><subfield code="b">Teza</subfield><subfield code="c">Dragos popa</subfield></datafield><datafield ind1=" " ind2=" " tag="260"><subfield code="a">Bucuresti</subfield><subfield code="b">Intitutul Central De Fizica</subfield><subfield code="c">1983</subfield></datafield><datafield ind1=" " ind2=" " tag="300"><subfield code="a">194P</subfield></datafield><datafield ind1=" " ind2=" " tag="852"><subfield code="a">70916</subfield><subfield code="c">533.9</subfield></datafield><datafield ind1=" " ind2=" " tag="CAT"><subfield code="a">Sys</subfield><subfield code="c">20110118</subfield><subfield code="h">134554</subfield></datafield></record></collection>